<?xml version="1.0" encoding="UTF-8"?><collection xmlns="http://www.loc.gov/MARC21/slim"><record><leader>00311nam--2200121-i-4500</leader><controlfield tag="001">000030514</controlfield><controlfield tag="002">20161230</controlfield><controlfield tag="005">20161230201038</controlfield><controlfield tag="008">060222s1000------------r-----000-0-eng-d</controlfield><datafield ind1=" " ind2=" " tag="100"><subfield code="a">Lynn, J.W</subfield></datafield><datafield ind1=" " ind2=" " tag="245"><subfield code="a">Tensors in electrical engineering</subfield></datafield><datafield ind1=" " ind2=" " tag="260"><subfield code="a">London, Edward Arnold Publ.Ltd., 1963, X + 216p</subfield></datafield><datafield ind1=" " ind2=" " tag="852"><subfield code="a">23400</subfield></datafield></record></collection>